% Just for test, remove when the first bib is written

@misc{wikipedia1,
  title = "Scripting language",
  author = "Wikipedia",
  url = "http://en.wikipedia.org/wiki/Scripting_language",
  year = 2014,
}

@misc{4,
author = "Wikipedia",
title = "LaTeX --- Wikipedia{,} The Free Encyclopedia",
year = "2016",
howpublished={\url{https://en.wikipedia.org/}},
note = "[Online; accessed 17-March-2016]"
}